@Book{DiazBone2019,
  title = {Statistik für Soziologen},
  author = {Diaz-Bone, Rainer},
  organization = {UVK},
  address = {Konstanz},
  year = {2019},
  }

@Book{Kabacoff2015,
  title = {R in action: Data analysis and graphics with R},
  author = {Kabacoff, Robert},
  organization = {Manning},
  address = {Shelter Island, NY},
  year = {2015},
  }

@Book{Manderscheid2017,
  title = {Sozialwissenschaftliche Datenanalyse mit R. Eine Einführung},
  author = {Manderscheid, Katharina},
  organization = {Springer VS},
  address = {Wiesbaden},
  year = {2017},
  }
